<?xml version='1.0' encoding='UTF-8'?>
<record xmlns="http://www.loc.gov/MARC21/slim">
  <leader>01761cam a2200385 a 4500</leader>
  <controlfield tag="001">1023542</controlfield>
  <controlfield tag="003">NjP</controlfield>
  <controlfield tag="005">20171027095840.0</controlfield>
  <controlfield tag="008">951213s1976    ir            000 0 ara d</controlfield>
  <datafield tag="024" ind1="7" ind2=" ">
    <subfield code="a">princeton_aco003012</subfield>
    <subfield code="2">local</subfield>
  </datafield>
  <datafield ind1=" " ind2=" " tag="035">
    <subfield code="a">(OCoLC)ocn176309609</subfield>
  </datafield>
  <datafield ind1=" " ind2=" " tag="040">
    <subfield code="a">NjP</subfield>
    <subfield code="c">PUL</subfield>
    <subfield code="d">PUL</subfield>
  </datafield>
  <datafield ind1=" " ind2=" " tag="035">
    <subfield code="a">(OCoLC)176309609</subfield>
  </datafield>
  <datafield ind1=" " ind2=" " tag="035">
    <subfield code="a">(CStRLIN)NJPG95-B78461</subfield>
  </datafield>
  <datafield ind1=" " ind2=" " tag="035">
    <subfield code="9">CBZ7577TS</subfield>
  </datafield>
  <datafield ind1=" " ind2=" " tag="035">
    <subfield code="a">(NjP)1023542</subfield>
  </datafield>
  <datafield ind1=" " ind2=" " tag="079">
    <subfield code="a">ocm33960441</subfield>
  </datafield>
  <datafield ind1=" " ind2=" " tag="049">
    <subfield code="a">PULL</subfield>
  </datafield>
  <datafield ind1="1" ind2=" " tag="100">
    <subfield code="6">880-01</subfield>
    <subfield code="a">Dhihnī al-Ṭihrānī, Muḥammad Jawād.</subfield>
  </datafield>
  <datafield ind1="1" ind2="0" tag="240">
    <subfield code="6">880-02</subfield>
    <subfield code="a">Risālah fī ṣalāh al-Jumʻah</subfield>
  </datafield>
  <datafield ind1="1" ind2="0" tag="245">
    <subfield code="6">880-03</subfield>
    <subfield code="a">Hādhihi Risālah fī ṣalāh al-Jumʻah :</subfield>
    <subfield code="b">taqrīran li-baḥth ustādhinā ... Muḥammad Taqī al-Majlisī al-Iṣfahānī /</subfield>
    <subfield code="c">bi-qalam Muḥammad Jawād al-Dhihnī al-Ṭihrānī.</subfield>
  </datafield>
  <datafield ind1="1" ind2="0" tag="246">
    <subfield code="6">880-04</subfield>
    <subfield code="a">Risālah fī ṣalāh al-Jumʻah</subfield>
  </datafield>
  <datafield ind1=" " ind2=" " tag="260">
    <subfield code="6">880-05</subfield>
    <subfield code="a">[Iran :</subfield>
    <subfield code="b">s.n.],</subfield>
    <subfield code="c">1396 [1976]</subfield>
  </datafield>
  <datafield ind1=" " ind2=" " tag="300">
    <subfield code="a">87 p. ;</subfield>
    <subfield code="c">24 cm.</subfield>
  </datafield>
  <datafield ind1=" " ind2="0" tag="650">
    <subfield code="a">Prayer</subfield>
    <subfield code="x">Islam.</subfield>
    <subfield code="0">http://id.loc.gov/authorities/subjects/sh85106123</subfield>
  </datafield>
  <datafield ind1="1" ind2=" " tag="700">
    <subfield code="6">880-06</subfield>
    <subfield code="a">Majlisī al-Iṣfahānī, Muḥammad Taqī.</subfield>
  </datafield>
  <datafield ind1="1" ind2=" " tag="880">
    <subfield code="6">100-01/r</subfield>
    <subfield code="a">ذهني الطهراني، محمد جواد.</subfield>
  </datafield>
  <datafield ind1="1" ind2="0" tag="880">
    <subfield code="6">240-02/r</subfield>
    <subfield code="a">رسالة في صلاة الجمعة</subfield>
  </datafield>
  <datafield ind1="1" ind2="0" tag="880">
    <subfield code="6">245-03/r</subfield>
    <subfield code="a">هذه رسالة في صلاة الجمعة :</subfield>
    <subfield code="b">تقريرن لبحث استاذنا ... محمد تقي المجلسي الاصفهاني /</subfield>
    <subfield code="c">بقلم محمد جواد الذهني الطهراني.</subfield>
  </datafield>
  <datafield ind1="1" ind2="0" tag="880">
    <subfield code="6">246-04/r</subfield>
    <subfield code="a">رسالة في صلاة الجمعة</subfield>
  </datafield>
  <datafield ind1=" " ind2=" " tag="880">
    <subfield code="6">260-05/r</subfield>
    <subfield code="a">[ايران :</subfield>
    <subfield code="b">s.n.]،</subfield>
    <subfield code="c">1396 [1976]</subfield>
  </datafield>
  <datafield ind1="1" ind2=" " tag="880">
    <subfield code="6">700-06/r</subfield>
    <subfield code="a">مجلسي الاصفهاني، محمد تقي.</subfield>
  </datafield>
  <datafield ind1=" " ind2=" " tag="998">
    <subfield code="a">12/13/95</subfield>
    <subfield code="s">9124</subfield>
    <subfield code="n">NjP</subfield>
    <subfield code="d">12/13/95</subfield>
    <subfield code="c">KC</subfield>
    <subfield code="b">KC</subfield>
    <subfield code="i">951213</subfield>
    <subfield code="l">NJPG</subfield>
  </datafield>
  <datafield ind1=" " ind2=" " tag="911">
    <subfield code="a">19951221</subfield>
  </datafield>
  <datafield ind1=" " ind2=" " tag="912">
    <subfield code="a">19951213000000.0</subfield>
  </datafield>
  <datafield ind1=" " ind2=" " tag="994">
    <subfield code="a">C0</subfield>
    <subfield code="b">PUL</subfield>
  </datafield>
  <datafield ind1=" " ind2=" " tag="999">
    <subfield code="a">1023542</subfield>
  </datafield>
  <datafield ind1="0" ind2="0" tag="852">
    <subfield code="0">1182094</subfield>
    <subfield code="b">rcppa</subfield>
    <subfield code="t">1</subfield>
    <subfield code="h">BP178</subfield>
    <subfield code="i">.D443 1976</subfield>
    <subfield code="x">tr fr arab</subfield>
  </datafield>
  <datafield ind1=" " ind2=" " tag="959">
    <subfield code="a">2000-06-13 00:00:00 -0500</subfield>
  </datafield>
</record>
